<?xml version="1.0" encoding="UTF-8"?><collection xmlns="http://www.loc.gov/MARC21/slim"><record><leader>00482nam--2200193-u-4500</leader><controlfield tag="001">000055176</controlfield><controlfield tag="002">20161230</controlfield><controlfield tag="005">20161230201052</controlfield><controlfield tag="008">121108s1000------------r-----000-0-rus-d</controlfield><datafield ind1=" " ind2=" " tag="040"><subfield code="a">IFIN-HH</subfield></datafield><datafield ind1=" " ind2=" " tag="041"><subfield code="a">rus</subfield></datafield><datafield ind1=" " ind2=" " tag="080"><subfield code="a">621.382</subfield></datafield><datafield ind1="1" ind2=" " tag="100"><subfield code="a">Dargis, A.Iu</subfield></datafield><datafield ind1="1" ind2="0" tag="245"><subfield code="a">Izmerenie dreifovoi skorosti v tverdih telah</subfield><subfield code="c">A.iu. dragis</subfield></datafield><datafield ind1=" " ind2=" " tag="260"><subfield code="a">Vilnius</subfield><subfield code="b">Makslas</subfield><subfield code="c">1987</subfield></datafield><datafield ind1=" " ind2=" " tag="300"><subfield code="a">203P</subfield></datafield><datafield ind1=" " ind2=" " tag="490"><subfield code="a">Dreifovaia Skoros</subfield></datafield><datafield ind1=" " ind2=" " tag="852"><subfield code="a">74344</subfield><subfield code="c">539.2</subfield></datafield><datafield ind1=" " ind2=" " tag="CAT"><subfield code="a">Sys</subfield><subfield code="c">20121108</subfield><subfield code="h">174951</subfield></datafield></record></collection>